@book{Kirbani,
	author = {Kirbani},
	title = {Teori dan Aplikasi Metode Gravitasi},
	publisher = {Universitas Gadjah Mada},
	year = {2001},
	address = {Yogyakarta},
}
@book{Sarkowi,
	author = {Sarkowi},
	title = {Modul Praktikum Metode Gaya Berat},
	publisher = {Universitas Lampung},
	year = {2009},
	address = {Lampung},
}
@book{Telford,
	title =     {Applied Geophysics},
	author =    {W. M. Telford, L. P. Geldart, R. E. Sheriff},
	publisher = {Cambridge University Press},
	isbn =      {9780521339384,0521339383},
	year =      {1990},
	series =    {},
	edition =   {2},
	volume =    {},
	url =       {http://gen.lib.rus.ec/book/index.php?md5=7097a70654f4e2ec5a8ca3db5fe313f7}
}
@book{SleepFujita,
	author = {Sleep, Norman H. and Fujita, Kazuya},
	title = {Principle of Geophysics},
	publisher = {Blackwell Science},
	year = {1997},
}
@book{Mariita,
	author = {Nicholas, Mariita},
	title = {The Gravity Method},
	publisher = {Surface Exploration for Geothermal Reasearch},
	year = {2007},
}
@article{Hirt,
	author = {Hirt, Christian and Claessens, Sten and Fecher, Thomas and Kuhn, Michael and Pail, Roland and Rexer, Moritz},
	title = {New ultrahigh-resolution picture of Earth's gravity field},
	journal = {Geophysical Research Letters},
	volume = {40},
	number = {16},
	pages = {4279-4283},
	doi = {https://doi.org/10.1002/grl.50838},
	year = {2013},
}
@book{Munadi,
	author = {Suprajitno, Munadi},
	title = {Instrumentasi Geofisika},
	publisher = {Universitas Indonesia},
	year = {2001},
	address = {Depok},
}
@book{Jacobs Russel,
	author = {Russel, Jacobs},
	title = {Physics and Geology},
	publisher = {Mc Graw-Hill},
	year = {1974},
	address = {New York}
}
@book{AmizadehDasgupta,
	title =     {Geophysics for Petroleum Engineers},
	author =    {Fred Aminzadeh and Shivaji N. Dasgupta (Eds.)},
	publisher = {Elsevier Science},
	isbn =      {978-0-444-50662-7},
	year =      {2013},
	series =    {Developments in Petroleum Science 60},
	edition =   {1},
	volume =    {},
	url =       {http://gen.lib.rus.ec/book/index.php?md5=2699801d9188205372924a51c68a851d}
}
@inproceedings{Mickus,
	title={GRAVITY METHOD : ENVIRONMENTAL AND ENGINEERING APPLICATIONS},
	author={Kevin L. Mickus},
	year={2004}
}
@book{Noviar,
	author = {Akse, Noviar},
	title = {Kajian Perbandingan Kemampuan Citra Satelit 7 dan Citra SRTM untuk Analisis Kelurusan Menggunakan Metode Ekstraksi Otomatis},
	publisher = {Universitas Gadjah Mada},
	year = {2016},
}
@inproceedings{RouseHass,
	title={Monitoring the Vernal Advancement and Retrogradation (Green Wave Effect) of Natural Vegetation. [Great Plains Corridor]},
	author={John Wilson Rouse and Robert H. Haas and D. W. Deering and John A. Schell and J. C. Harlan},
	year={1973}
}
@article{Ogunode,
	author = {Ogunode, Ayodeji and Akombelwa, Mulemwa},
	year = {2017},
	month = {09},
	pages = {262},
	title = {An algorithm to retrieve Land Surface Temperature using Landsat-8 Dataset},
	volume = {6},
	journal = {South African Journal of Geomatics},
	doi = {10.4314/sajg.v6i2.10}
}
@article{SekertekinArslan,
	author = {Sekertekin, Aliihsan and Arslan, Niyazi},
	year = {2019},
	month = {03},
	pages = {243-254},
	title = {Monitoring thermal anomaly and radiative heat flux using thermal infrared satellite imagery – A case study at Tuzla geothermal region},
	volume = {78},
	journal = {Geothermics},
	doi = {10.1016/j.geothermics.2018.12.014}
}
@article{SobrinoandJimenezMunoz,
	author = {Sobrino, Jose and Jimenez, Juan-Carlos and Paolini, Leo},
	year = {2004},
	month = {04},
	pages = {434-440},
	title = {Land surface temperature retrieval from LANDSAT TM 5},
	volume = {90},
	journal = {Remote Sensing of Environment},
	doi = {10.1016/j.rse.2004.02.003}
}
@article{ObandeandLawal,
	title = {Spectral analysis of aeromagnetic data for geothermal investigation of Wikki Warm Spring, north-east Nigeria},
	journal = {Geothermics},
	volume = {50},
	pages = {85-90},
	year = {2014},
	issn = {0375-6505},
	doi = {https://doi.org/10.1016/j.geothermics.2013.08.002},
	url = {https://www.sciencedirect.com/science/article/pii/S0375650513000588},
	author = {Grace Ene Obande and Kolawole Muideen Lawal and Lawal Aminu Ahmed},
}
@article{AvdanandJovanovska, 
 	title={Algorithm for automated mapping of land surface temperature using Landsat 8 satellite data}, 
 	volume={2016}, 
 	DOI={10.1155/2016/1480307}, 
 	journal={Journal of Sensors}, 
 	author={Avdan, Ugur and Jovanovska, Gordana}, year={2016}, 
 	pages={1–8}
} 
@book{USGS2019,
	author = {USGS},
	title = {Landsat 8 (L8) Data Users Handbook Version 5.0},
	publisher = {U.S. Geological Survey},
	year = {2019},
	address = {Sioux Falls, South Dakota}
}
@book{DEMNAS,
	author = {{Badan Informasi Geospasial}},
	title = {Seamless Digital Elevation Model (DEM) dan Batimetri Nasional(https://tanahair.indonesia.go.id/demnas)},
	publisher = {Badan Informasi Geospasial},
	year = {2018},
	address = {Jakarta}
}

@book{USGSDEM2018,
	author = {USGS},
	title = {USGS EROS Archive - Digital Elevation - Shuttle Radar Topography Mission (SRTM)(https://www.usgs.gov/centers/eros/science/usgs-eros-archive-digital-elevation-shuttle-radar-topography-mission-srtm)},
	publisher = {U.S. Geological Survey},
	year = {2018},
	address = {Sioux Falls, South Dakota}
}

@book{USGS2022,
	author = {USGS},
	title = {Landsat-Earth Observation Satelites},
	publisher = {U.S. Geological Survey},
	year = {2022},
	address = {South Dakota}
}
@book{White1973,
	author = {White},
	title = {Characteristics of Geothermal Resources},
	publisher = {Standford University Press},
	year = {1973},
	address = {Standford}
}
@book{DicksonFanelli1995,
	title={Geothermal Energy: Utilization and Technology},
	author={Dickson, M.H. and Fanelli, M.},
	isbn={9781134033904},
	year={2013},
	publisher={Taylor \& Francis}
}
@book{GuptaRoy2007,
	author = {Gupta, H. and Roy, Sukanta},
	year = {2007},
	month = {01},
	pages = {279},
	title = {Geothermal Energy: An Alternative Resource for the 21 st Century},
	isbn = {9780444528759}
}
@book{Wiyono2022,
	author = {Wiyono and Salman},
	title = {Gravity and Remote Sensing Methods as a Solution in Indentifying Geothermal Reservoirs on Volcanoes},
	publisher = {Hindawi International Journal of Geophysics},
	year = {2022},
	address = {Malang}
}
@book{Faisal2019,
	author = {Abdullah, Faisal and Vahreza, Anshar},
	title = {Pemetaan Potensi Geothermal Seulawah Agam Berdasarkan Data DEMNAS dan Landsat 8},
	publisher = {Universitas Syiah Kuala},
	year = {2022},
	address = {Banda Aceh}
}
	
@book{Rosyiful2019,
	author = {Aqli, Rosyiful},
	title = {Identifikasi Struktur Bawah Permukaan Daerah Prospek Panas Bumi dengan Metode Gravitasi (Studi Kasus di Daerah Mata Air Panas Padusan Desa Padusan Kecamatan Pacet Kabupaten Mojekerto)},
	publisher = {Universitas Islam Negeri Maulana Malik Ibrahim},
	year = {2019},
	address = {Malang}
}

@book{GLamongan,
	author = {{Kementerian ESDM}},
	title = {Gunung Lamongan, Jawa Timur},
	publisher = {Badan Geologi Pusat Vulkanologi dan Mitigasi Bencana Geologi},
	year = {2014},
	address = {Bandung}
}

@book{OutlookEnergi2019,
	author = {{Suharyati}},
	title = {Outlook Energi Indonesia 2019},
	publisher = {Sekretariat Dewan Energi Nasional},
	year = {2019},
	address = {Jakarta}
}


@book{PanasBumiIndo2017,
	author = {{Ditjen EBTK}},
	title = {Potensi Panas Bumi Indonesia Jilid 1},
	publisher = {Kementerian Energi dan Sumber Daya Mineral},
	year = {2017},
	address = {Jakarta}
}

@article{esdm2018,
	title={Ini Dia Sebaran Pembangkit Listrik Panas Bumi di Indonesia (https://www.esdm.go.id/id/media-center/arsip-berita/ini-dia-sebaran-pembangkit-listrik-panas-bumi-di-indonesia)},
	author={ESDM},
	year={2018},
	publisher={Kementerian ESDM},
}